@article{anders2010estados,
  title={Estados y problemas de sue{\~n}o-vigilia y desarrollo psicosocial del ni{\~n}o},
  author={Anders, THOMAS F},
  journal={tremblay RE, Barr RG, Peters RDeV, Boivin M, eds. Enciclopediasobre el desarrollo de la primerainfancia (serial online), Montreal, Quebec: Centre of Excellence for early childhood development},
  pages={1--6},
  year={2010}
}

@article{pedemonte2014trastornos,
  title={Trastornos del sue{\~n}o en una poblaci{\'o}n de ni{\~n}os sanos de Montevideo: Primer estudio descriptivo},
  author={Pedemonte, Virgina and Gandaro, Paula and Scavone, Cristina},
  journal={Archivos de pediatr{\'\i}a del Uruguay},
  volume={85},
  number={1},
  pages={4--8},
  year={2014},
  publisher={Sociedad Uruguaya de Pediatr{\'\i}a}
}

@book{dsm,
  title={Diagnostic and statistical manual of mental disorders (DSM-5{\textregistered})},
  author={{American Psychiatric Association}},
  address = {Washington, {DC}},
  edition = {5th ed.},
  year={2013},
  publisher={American Psychiatric Pub}
}